@article{Choi12February2018,
  author = {Hyoung-Gyu Choi and Seung-Jae Han and Sunju Park},
  journal = {2017 13th International Computer Engineering Conference (ICENCO)},
  title = {Low overhead routing for IEEE 802.11-based Internet-of-Things networks},
  ISSN = {2475-2320},
  medium = {online},
  accessed = {2022-10-04},
  DOI = {10.1109/ICENCO.2017.8289761},
  URL = {https://ieeexplore.ieee.org/document/8289761/},
}

@article{Gergeleit2019,
  author = {Martin Gergeleit},
  journal = {2019 Fourth International Conference on Fog and Mobile Edge Computing (FMEC)},
  title = {Autotree},
  subtitle = {Connecting Cheap IoT Nodes with an Auto-Configuring WiFi Tree Network},
  publisher = {IEEE},
  year = {2019},
  pages = {199-203},
  ISBN = {978-1-7281-1796-6},
  medium = {online},
  accessed = {2022-10-04},
  DOI = {10.1109/FMEC.2019.8795311},
  URL = {https://ieeexplore.ieee.org/document/8795311/},
}

@article{Hlaing2017,
  author = {Win Hlaing and Somchai Thepphaeng and Varunyou Nontaboot and Natthanan Tangsunantham and Tanayoot Sangsuwan and Chaiyod Pira},
  journal = {2017 International Electrical Engineering Congress (iEECON)},
  title = {Implementation of WiFi-based single phase smart meter for Internet of Things (IoT)},
  publisher = {IEEE},
  year = {2017},
  pages = {1-4},
  ISBN = {978-1-5090-4666-9},
  medium = {online},
  accessed = {2022-10-04},
  DOI = {10.1109/IEECON.2017.8075793},
  URL = {http://ieeexplore.ieee.org/document/8075793/},
}

@article{Saloni2016,
  author = {Shubham Saloni and Achyut Hegde},
  journal = {2016 International Conference on Internet of Things and Applications (IOTA)},
  title = {WiFi-aware as a connectivity solution for IoT pairing IoT with WiFi aware technology},
  subtitle = {Enabling new proximity based services},
  publisher = {IEEE},
  year = {2016},
  pages = {137-142},
  ISBN = {978-1-5090-0044-9},
  medium = {online},
  accessed = {2022-10-03},
  DOI = {10.1109/IOTA.2016.7562710},
  URL = {http://ieeexplore.ieee.org/document/7562710/},
}


@misc{hAVBdLOzhCnSEOY2,
  journal = {ITU},
  title = {Internet of Things Global Standards Initiative},
  medium = {online},
  accessed = {2023-01-17},
  URL = {https://www.itu.int/en/ITU-T/gsi/iot/Pages/default.aspx},
}

@misc{SGillisMarch2022,
  author = {Alexander S. Gillis},
  journal = {TechTarget},
  title = {What is the internet of things (IoT)?},
  year = {2022},
  medium = {online},
  accessed = {2023-01-17},
  URL = {https://www.techtarget.com/iotagenda/definition/Internet-of-Things-IoT},
}

@misc{PXdJGytMEbmnqOuI,
  journal = {Wikipedia: the free encyclopedia},
  title = {Internet of things},
  publisher = {Wikimedia Foundation},
  address = {San Francisco (CA)},
  year = {2001-},
  medium = {online},
  accessed = {2023-01-17},
  URL = {https://en.wikipedia.org/wiki/Internet_of_things},
}

@online{eY0fFrRmd7o81s7D,
  journal = {Department of Telecommunications},
  title = {Machine to Machine Communications},
  publisher = {Department of Telecommunications, Ministry of Communication, GoI},
  address = {India},
  year = {2022},
  urldate = {2023-01-17},
  url = {https://dot.gov.in/machine-machine-communications},
}

@online{08phArNgFWqwDwyW,
  journal = {Simens},
  title = {Průmysl 4.0},
  publisher = {Simens},
  address = {Germany},
  year = {2022},
  urldate = {2023-01-17},
  url = {https://www.plm.automation.siemens.com/global/cz/our-story/glossary/industry-4-0/29278},
}

@online{XMxKxj9gwbB0XNh7,
  journal = {SAP},
  title = {Co je průmysl 4.0?},
  publisher = {SAP},
  urldate = {2023-01-17},
  url = {https://www.sap.com/cz/insights/what-is-industry-4-0.html},
}

@online{Z7cztCxxD8XEKD0g,
  journal = {Wikipedia: the free encyclopedia},
  title = {Wireless},
  publisher = {Wikimedia Foundation},
  address = {San Francisco (CA)},
  year = {2001-},
  urldate = {2023-01-17},
  url = {https://en.wikipedia.org/wiki/Wireless},
}


@online{5iRsAIfGrrlCgt9a,
  journal = {Wikipedia: the free encyclopedia},
  title = {LoRa},
  publisher = {Wikimedia Foundation},
  address = {San Francisco (CA)},
  year = {2001-},
  urldate = {2023-01-19},
  url = {https://en.wikipedia.org/wiki/LoRa},
}

@online{3v4SxlByfe8O0HwQ,
  title = {LoRa Alliance®},
  publisher = {LoRa Alliance®},
  address = {Fremont},
  year = {2023},
  urldate = {2023-01-19},
  url = {https://lora-alliance.org/},
}

@online{PE10ogpYg8hIftSH,
  title = {Sigfox},
  publisher = {Sigfox},
  address = {Francie},
  year = {2023},
  urldate = {2023-01-19},
  url = {https://www.sigfox.com/},
}

@online{qmBBTvuXC4ZLpzBJ,
  journal = {Wikipedia: the free encyclopedia},
  title = {Sigfox},
  publisher = {Wikimedia Foundation},
  address = {San Francisco (CA)},
  year = {2001-},
  urldate = {2023-01-19},
  url = {https://cs.wikipedia.org/wiki/Sigfox},
}

@online{nCK4SoA3nFdVlIqm,
  journal = {Wikipedia: the free encyclopedia},
  title = {Narrowband IoT},
  publisher = {Wikimedia Foundation},
  address = {San Francisco (CA)},
  year = {2001-},
  urldate = {2023-01-19},
  url = {https://en.wikipedia.org/wiki/Narrowband_IoT},
}

@online{hw9pj8HRl8eVTddM,
  title = {Vodafone},
  publisher = {Vodafone},
  address = {Česká Republika},
  year = {2023},
  urldate = {2023-01-19},
  url = {https://www.vodafone.cz/podnikatele/internet-veci/nb-iot1/},
}

@article{articleLPWAN,
author = {Mekki, Kais and Bajic, Eddy and Chaxel, Frédéric and Meyer, Fernand},
year = {2019},
month = {03},
pages = {1-7},
title = {A comparative study of LPWAN technologies for large-scale IoT deployment},
volume = {5},
doi = {10.1016/j.icte.2017.12.005}
}

@online{znAmft9kik4ksAas,
  journal = {Wikipedia: the free encyclopedia},
  title = {IEEE 802},
  publisher = {Wikimedia Foundation},
  address = {San Francisco (CA)},
  year = {2001-},
  urldate = {2023-01-19},
  url = {https://en.wikipedia.org/wiki/IEEE_802},
}

@online{DxrBsa2LTeitnHBJ,
  journal = {Wikipedia: the free encyclopedia},
  title = {ZigBee},
  publisher = {Wikimedia Foundation},
  address = {San Francisco (CA)},
  year = {2001-},
  urldate = {2023-01-19},
  url = {https://cs.wikipedia.org/wiki/ZigBee},
}

@online{ayF0F75gllpxRZfL,
  journal = {Wikipedia: the free encyclopedia},
  title = {Bluetooth},
  publisher = {Wikimedia Foundation},
  address = {San Francisco (CA)},
  year = {2001-},
  urldate = {2023-01-19},
  url = {https://cs.wikipedia.org/wiki/Bluetooth},
}

@online{KHttKelZqh26KWXd,
  journal = {Wikipedia: the free encyclopedia},
  title = {Wi-Fi},
  publisher = {Wikimedia Foundation},
  address = {San Francisco (CA)},
  year = {2001-},
  urldate = {2023-01-19},
  url = {https://en.wikipedia.org/wiki/Wi-Fi},
}

@online{3A9RTE39VeKZmCYn,
  journal = {PCmag.com},
  title = {802.11 versions},
  publisher = {PCmag.com},
  address = {PC},
  year = {1981- 2023},
  urldate = {2023-01-19},
  url = {https://www.pcmag.com/encyclopedia/term/80211-versions},
}

@online{1oCHmTbcpJsphbTW,
  journal = {Český statistický úřad},
  title = {Využívání informačních a komunikačních technologií v domácnostech a mezi osobami - 2022},
  subtitle = {1. Počítače a internet v domácnostech},
  publisher = {Český statistický úřad},
  address = {Praha},
  year = {2022},
  urldate = {2023-01-19},
  url = {https://www.czso.cz/documents/10180/164606768/0620042201.pdf/5699654d-a722-44c9-a5e8-80443c89be18?version=1.1},
}

@online{zFQYZ2ILyLdNVlwM,
  journal = {Silicon labs},
  title = {Low-Power Wi-Fi Ideal for Energy Efficient IoT Devices},
  publisher = {Silicon Laboratories},
  address = {Silicon Laboratories},
  year = {2023},
  urldate = {2023-01-19},
  url = {https://www.silabs.com/blog/low-power-wi-fi-Ideal-for-energy-efficient-iot-devices},
}

@online{HarEvenJune25th2020,
  author = {Benny Har-Even},
  journal = {Semiecundoctor engineering},
  title = {Wi-Fi 6 For Low-Power IoT},
  publisher = {SGM},
  year = {2013-2023},
  urldate = {2023-01-19},
  url = {https://semiengineering.com/wi-fi-6-for-low-power-iot/},
}

@INPROCEEDINGS{9797138,
  author={Přeučil, Tomáš and Novotný, Martin},
  booktitle={2022 11th Mediterranean Conference on Embedded Computing (MECO)}, 
  title={Evaluation of power saving methods for low-power WiFi environment sensors}, 
  year={2022},
  volume={},
  number={},
  pages={1-5},
  doi={10.1109/MECO55406.2022.9797138}}

@online{XnoVHEUxXKf3kt00,
  journal = {Waveshare wiki},
  title = {ESP32-S2-Pico},
  urldate = {2023-01-20},
  url = {https://www.waveshare.com/wiki/ESP32-S2-Pico},
}

